%% This BibTeX bibliography file was created using BibDesk.
%% http://bibdesk.sourceforge.net/

%% Created for ಅಜೇಯ at ೨೦೧೬-೧೨-೧೭ ೨೧:೫೮:೪೬ -0500 


%% Saved with string encoding Unicode (UTF-8) 



@article{sadeghianbag,
	Author = {Sadeghian, Amir and Sharafat, Ali Reza},
	Date-Added = {೨೦೧೬-೧೨-೧೮ ೦೨:೫೮:೪೨ +0000},
	Date-Modified = {೨೦೧೬-೧೨-೧೮ ೦೨:೫೮:೪೨ +0000},
	Title = {Bag of Words Meets Bags of Popcorn}}

@inproceedings{maas2011learning,
	Author = {Maas, Andrew L and Daly, Raymond E and Pham, Peter T and Huang, Dan and Ng, Andrew Y and Potts, Christopher},
	Booktitle = {Proceedings of the 49th Annual Meeting of the Association for Computational Linguistics: Human Language Technologies-Volume 1},
	Date-Added = {೨೦೧೬-೧೨-೧೮ ೦೨:೨೬:೧೯ +0000},
	Date-Modified = {೨೦೧೬-೧೨-೧೮ ೦೨:೨೬:೧೯ +0000},
	Organization = {Association for Computational Linguistics},
	Pages = {142--150},
	Title = {Learning word vectors for sentiment analysis},
	Year = {2011}}

@inproceedings{pang2004sentimental,
	Author = {Pang, Bo and Lee, Lillian},
	Booktitle = {Proceedings of the 42nd annual meeting on Association for Computational Linguistics},
	Date-Added = {೨೦೧೬-೧೨-೧೮ ೦೧:೫೭:೪೭ +0000},
	Date-Modified = {೨೦೧೬-೧೨-೧೮ ೦೧:೫೭:೪೭ +0000},
	Organization = {Association for Computational Linguistics},
	Pages = {271},
	Title = {A sentimental education: Sentiment analysis using subjectivity summarization based on minimum cuts},
	Year = {2004}}

@article{blei2003latent,
	Author = {Blei, David M and Ng, Andrew Y and Jordan, Michael I},
	Date-Added = {೨೦೧೬-೧೨-೧೭ ೨೩:೫೯:೧೯ +0000},
	Date-Modified = {೨೦೧೬-೧೨-೧೭ ೨೩:೫೯:೧೯ +0000},
	Journal = {Journal of machine Learning research},
	Number = {Jan},
	Pages = {993--1022},
	Title = {Latent dirichlet allocation},
	Volume = {3},
	Year = {2003}}
